% Online references
% These are non-print resources

@online{akka-io, 
    organization = {Lightbend Inc.},
    title = {{Akka}},
    date = {2017},
    url = {https://akka.io},
    urldate = {2017-07-18},
}

@online{akka-js2015,
    organization = {Akka.js},
    title = {Akka-js / Akka.js},
    date = {2015-07-21},
    url = {https://github.com/akka-js/akka.js/tree/d5c25bf6148d0538ad2cc747078d646fedf525f1},
}

@online{ApacheSpark, 
    organization = {{The Apache Software Foundation}},
    title = {{Apache Spark}},
    subtitle = {{Lighting-Fast Cluster Computing}},
    date = {2017},
    url = {https://spark.apache.org},
    urldate = {2017-07-18},
}

@online{bls2014,
    organization = {{U.S. Bureau of Labor Statistics}},
    title = {{Employment by detailed occupation}},
    date = {2016-04-18},
    url = {https://www.bls.gov/emp/ep_table_102.htm},
    urldate = {07 June 2017},
}

@online{ChromiumBlogNPAPI2013,
    organization = {Chromium},
    author = {Schuh, Justin},
    title = {{Saying Goodbye to Our Old Friend NPAPI}},
    date = {2013-09-23},
    url = {https://blog.chromium.org/2013/09/saying-goodbye-to-our-old-friend-npapi.html},
    urldate = {2017-06-27},
}

@online{cppreference:class-template, 
    organization = {cppreference.com},
    title = {{Class template}},
    date = {2017-04-17},
    url = {http://en.cppreference.com/mwiki/index.php?title=cpp/language/class_template&oldid=92365},
    urlDate = {2017-07-13},
}

@online{cppreference:lambdas, 
    organization = {cppreference.com},
    title = {Lambda expressions},
    date = {2017-05-24},
    url = {http://en.cppreference.com/mwiki/index.php?title=cpp/language/lambda&oldid=93544},
    urldate = {2017-06-14}
}

@misc{Doeraene2017,
    author = {S{\'e}bastien Doeraene},
    organization = {{\'E}cole Polytechnique F{\'e}d{\'e}rale Lausanne (EPFL)},
    date = {2017-03-04},
    howpublished = {Personal Communication},
    url = {https://github.com/scala-js/scala-js/issues/1898#issuecomment-284202651},
    urlDate = {2017-07-19},
}

@online{DoyleAkka2014,
    author = {Richard Doyle},
    title = {Using {A}kka and {S}cala to render a {M}andelbrot set},
    date = {2014-08-15},
    url = {http://blog.scottlogic.com/2014/08/15/using-akka-and-scala-to-render-a-mandelbrot-set.html},
    urlDate = {2017-07-20},
}

@online{eceOutlines,
    organization = {{Western Engineering}},
    title = {{Course Outlines - Electrical and Computer Engineering}},
    date = {2017},
    url = {http://www.eng.uwo.ca/electrical/undergraduate/course_outlines.html},
    urldate = {2017-06-07},
}


@online{eceoutline-ece3375,
    organization = {{Electrical \& Computer Engineering}},
    title = {{Microprocessors and Microcomputers (ECE 3375b)}},
    subtitle = {Course Outline 2016-2017},
    year = {2016},
    month = {11},
    url = {http://www.eng.uwo.ca/electrical/pdf/course_outlines/Winter/ECE/ECE%2033751.pdf#ECE_3375},
    urldate = {2017-06-04},
}

@online{ece-ce-program, 
    organization = {{Electrical \& Computer Engineering}},
    title = {{Academic Calendar 2016}},
    subtitle = {ELECTRONIC DEVICES FOR UBIQUITOUS COMPUTING},
    year = {2016},
    url = {http://westerncalendar.uwo.ca/2016/pg1768.html},
    urldate = {2017-06-10},
}

@online{FogusBaysick,
    author = {Fogus, Michael},
    title = {Baysick},
    date = {2014-05-23},
    url = {https://github.com/fogus/baysick/blob/6e6106/README.markdown},
    urlDate = {2017-07-18},
}

@online{GoogleChromeHelp2015,
    organization = {Google},
    author = {Sarah Dee},
    title = {{Chrome support for {NPAPI} plugins no longer available}},
    date = {2015-08-27},
    url = {https://support.google.com/chrome/forum/AAAAP1KN0B0TYbj21PkcAQ},
    urldate = {2017-06-27},
}

@online{MDNWebWorkers,
    organization = {Mozilla Developer Network},
    title = {{Web Workers API}},
    date = {2017-07-14},
    url = {https://developer.mozilla.org/en-US/docs/Web/API/Web_Workers_API},
    urlDate = {2017-07-19},
}

@online{MozillaBlogNPAPI2016,
    organization = {Mozilla},
    author = {Benjamin Smedberg },
    title = {{NPAPI Plugins in Firefox}},
    date = {2015-10-08},
    url = {https://blog.mozilla.org/futurereleases/2015/10/08/npapi-plugins-in-firefox/},
    urldate = {2017-06-27},
}

@online{Oracle2017,
    organization = {Oracle},
    title = {Oracle JDK 8 and JRE 8 Certified System Contents}, 
    year = {2017},
    url = {http://www.oracle.com/technetwork/java/javase/certconfig-2095354.html},
    urlDate = {2017-06-22},

}

@online{OracleJavaApplet2017, 
    organization = {Oracle},
    title = {How do I enable Java in my web browser?},
    year = {2017},
    url = {https://java.com/en/download/help/enable_browser.xml},
    urlDate = {2017-06-27},
}

@online{ReactiveManifesto2014,
    title = {The {R}eactive {M}anifesto},
    authors = {Jonas Bon{\'e}r, Dave Farley, Roland Kuhn, Martin Thompson},
    date = {2014-09-16},
    url = {http://www.reactivemanifesto.org/pdf/the-reactive-manifesto-2.0.pdf},
}

@online{Scala-Lang,
    organization = {{\'E}cole Polytechnique F{\'e}d{\'e}rale Lausanne (EPFL)},
    title = {{The Scala Programming Language}},
    year = {2016},
    url = {https://scala-lang.org},
    urlDate = {2017-07-18},
}

@online{Scala-ImplicitParameters,
    organization = {{\'E}cole Polytechnique F{\'e}d{\'e}rale Lausanne (EPFL)},
    title = {Implicit Parameters - Scala Documentation},
    year = {2017},
    url = {http://docs.scala-lang.org/tutorials/tour/implicit-parameters.html},
    urlDate = {2017-07-18},
}

@online{Scala-MethodInvocations,
    organization = {{\'E}cole Polytechnique F{\'e}d{\'e}rale Lausanne (EPFL)},
    title = {Method Invocation - Scala Documentation},
    year = {2017},
    url = {http://docs.scala-lang.org/style/method-invocation.html#postfix-notation},
    urlDate = {2017-07-18},
}

@online{Scala-Operators,
    organization = {{\'E}cole Polytechnique F{\'e}d{\'e}rale Lausanne (EPFL)},
    title = {Operators - Scala Documentation},
    year = {2017},
    url = {http://docs.scala-lang.org/tutorials/tour/operators.html#defining-and-using-operators},
    urlDate = {2017-07-18},
}

@online{Scala-PatternMatching,
    organization = {{\'E}cole Polytechnique F{\'e}d{\'e}rale Lausanne (EPFL)},
    title = {Reflection - Scala Documentation},
    year = {2017},
    url = {http://docs.scala-lang.org/tutorials/tour/pattern-matching.html},
    urlDate = {2017-07-19},
}

@online{Scala-Reflection,
    organization = {{\'E}cole Polytechnique F{\'e}d{\'e}rale Lausanne (EPFL)},
    title = {Reflection - Scala Documentation},
    year = {2017},
    url = {http://docs.scala-lang.org/overviews/reflection/overview.html},
    urlDate = {2017-07-19},
}

@online{Scala-js2015,
    organization = {Scala.js},
    title = {Announcing Scala.js 0.6.5},
    date = {2015-08-31},
    url = {http://www.scala-js.org/news/2015/08/31/announcing-scalajs-0.6.5/},
    urlDate = {2015-09-14},
}

@online{Scala-js:CompOptPipeline,
    organization = {Scala.js},
    title = {Compilation and optimization pipeline},
    date = {2017},
    url = {https://www.scala-js.org/doc/internals/compile-opt-pipeline.html},
    urlDate = {2017-07-20},
}

@online{Skrien2017, 
    author = {Skrien, Dale},
    title = {CPU Sim Home Page},
    year = {2017},
    month = {06},
    day = {24},
    url = {http://www.cs.colby.edu/djskrien/CPUSim/},
    urlDate = {2017-06-28},
}

@online{StatCounterBrowsers2017, 
    organization = {StatCounter},
    title = {{Desktop Browser Market Share Worldwide}},
    year = {2017},
    url = {http://gs.statcounter.com/browser-market-share/desktop/worldwide},
    urlDate = {2017-06-27},
}

@online{Stokes1999, 
    author = {Jon Stokes},
    title = {{RISC vs. CISC: the Post-RISC Era}},
    subtitle = {A historical approach to the debate},
    year = {1999},
    month = {10},
    organization = {Arstechnica, Inc.},
    url = {http://archive.arstechnica.com/cpu/4q99/risc-cisc/rvc-1.html},
    urldate = {2017-06-14},
}

@online{StackOverflowSurvey2016, 
    title = {Developer {S}urvey {R}esults - 2016},
    subtitle = {Desktop {O}perating {S}ystems},
    organization = {stackoverflow},
    year = {2017}, 
    url = {https://insights.stackoverflow.com/survey/2016#technology-desktop-operating-system},
    urldate = {2017-06-15}
}

@online{StatCounter2017,
    title = {{Desktop Operating System Market Share Worldwide}},
    subtitle = {May 2016 to May 2017},
    organization = {statcounter.com},
    year = {2017},
    month = {05}, 
    url = {http://gs.statcounter.com/os-market-share/desktop/worldwide},
    urldate = {2017-06-14},
}

@techreport{TypesafeAkka2015,
    organization = {{Typesafe Inc.}},
    pages = {387},
    title = {{Akka Scala Documentation}},
    url = {http://doc.akka.io/docs/akka/2.3.14/AkkaScala.pdf},
    date = {2015-09-16},
}

@online{quartus,
    organization = {{Intel Corporation}},
    title = {Quartus Prime},
    date = {2017},
    url = {https://www.altera.com/products/design-software/fpga-design/quartus-prime/overview.html},
    subtitle = {Overview},
    urldate = {2017-06-07},
}

@online{uwo-we-programprogression,
    organization = {{Western Engineering}},
    title = {{What do I take next?}},
    year = {2016},
    url = {http://www.eng.uwo.ca/undergraduate/upper_year/next.html},
    urldate = {2017-06-09},
}

@online{winide,
    organization = {{P\&E Microcomputer Systems Inc.}},
    title = {{WINIDE12Z}},
    subtitle = {{68HC(S)12 Windows Integrated Development Environment}},
    date = {2017-06-10},
    url = {https://www.pemicro.com/products/product_viewDetails.cfm?product_id=52&productTab=1},
    urldate = {2017-06-10} 
}


@online{winide-screenshot,
    organization = {{P\&E Microcomputer Systems Inc.}},
    title = {{WINIDE12Z}},
    date = {2006-07-09},
    subtitle = {{p\_52\_L.gif}},
    url = {https://www.pemicro.com/images/products/_auto/p_52_L.gif},
    urldate = {2017-06-10} 
}

@online{WikipediaHDL2017,
    organization = {Wikipedia},
    title = {Hardware description language -- Wikipedia{,} The Free Encyclopedia},
    year = {2017},
    month = {03},
    url = {https://en.wikipedia.org/w/index.php?title=Hardware_description_language&oldid=771653858},
    urlDate = {2017-06-22}
}

@online{W3SchoolsBrowsers2017, 
    organization = {W3Schools},
    title = {{Browser Statistics}},
    year = {2017},
    url = {https://www.w3schools.com/Browsers/default.asp},
    urlDate = {2017-06-27},
}

@online{xilinxISE,
    organization = {{Xilinx Inc.}},
    title = {{Xilinx ISE WebPACK Design Software}},
    date = {2017},
    url = {https://www.xilinx.com/products/design-tools/ise-design-suite/ise-webpack.html},
    subtitle = {Overview},
    urldate = {2017-06-07},
}
